@Book{strang2006linear,
 author = {Strang, Gilbert},
 title = {Linear algebra and its applications},
 publisher = {Thomson, Brooks/Cole},
 year = {2006},
 address = {Belmont, CA},
 isbn = {9780030105678}
 }

 @article{Massey1983,
  doi = {10.2307/2323537},
  url = {https://doi.org/10.2307/2323537},
  year = {1983},
  month = dec,
  publisher = {{JSTOR}},
  volume = {90},
  number = {10},
  pages = {697},
  author = {W. S. Massey},
  title = {Cross Products of Vectors in Higher Dimensional Euclidean Spaces},
  journal = {The American Mathematical Monthly}
}
